@inproceedings{scherer2010evaluation,
    author = {Scherer, Dominik and Müller, Andreas and Behnke, Sven},
    year = {2010},
    month = {01},
    pages = {92-101},
    title = {Evaluation of Pooling Operations in Convolutional Architectures for Object Recognition},
    isbn = {978-3-642-15824-7},
    doi = {10.1007/978-3-642-15825-4_10}
}

@inproceedings{ronneberger2015unet,
    author = {Ronneberger, Olaf and Fischer, Philipp and Brox, Thomas},
    year = {2015},
    month = {10},
    pages = {234-241},
    title = {U-Net: Convolutional Networks for Biomedical Image Segmentation},
    volume = {9351},
    isbn = {978-3-319-24573-7},
    journal = {LNCS},
    doi = {10.1007/978-3-319-24574-4_28}
}

@article{agarap2018deep,
    author = {Agarap, Abien Fred},
    year = {2018},
    month = {03},
    pages = {},
    title = {Deep Learning using Rectified Linear Units (ReLU)}
}

@inproceedings{ioffe2015batch,
    title = {Batch Normalization: Accelerating Deep Network Training by Reducing Internal Covariate Shift},
    author = {Ioffe, Sergey and Szegedy, Christian},
    booktitle = {Proceedings of the 32nd International Conference on Machine Learning},
    pages = {448--456},
    year = {2015},
    editor = {Bach, Francis and Blei, David},
    volume = {37},
    series = {Proceedings of Machine Learning Research},
    address = {Lille, France},
    month = {07--09 Jul},
    publisher = {PMLR},
}

@inproceedings{he2016resnet,  
    author={He, Kaiming and Zhang, Xiangyu and Ren, Shaoqing and Sun, Jian},
    booktitle={2016 IEEE Conference on Computer Vision and Pattern Recognition (CVPR)},   
    title={Deep Residual Learning for Image Recognition},   
    year={2016},  
    volume={}, 
    number={},  
    pages={770-778},  
    doi={10.1109/CVPR.2016.90}
}

@article{dumoulin2016aguide,
    author = {Dumoulin, Vincent and Visin, Francesco},
    year = {2016},
    month = {03},
    pages = {},
    title = {A guide to convolution arithmetic for deep learning}
}

@article{srivastava2014dropout,
    author  = {Nitish Srivastava and Geoffrey Hinton and Alex Krizhevsky and Ilya Sutskever and Ruslan Salakhutdinov},
    title   = {Dropout: A Simple Way to Prevent Neural Networks from Overfitting},
    journal = {Journal of Machine Learning Research},
    year    = {2014},
    volume  = {15},
    number  = {56},
    pages   = {1929-1958},
    url     = {http://jmlr.org/papers/v15/srivastava14a.html}
}

@inproceedings{hu2018squeeze,  
    author={Hu, Jie and Shen, Li and Sun, Gang},  
    booktitle={2018 IEEE/CVF Conference on Computer Vision and Pattern Recognition},   
    title={Squeeze-and-Excitation Networks},   
    year={2018},  
    volume={},  
    number={},  
    pages={7132-7141},  
    doi={10.1109/CVPR.2018.00745}
}

@inproceedings{mishra2019polynomial,
    author = {Mishra, Purnendu and Sarawadekar, Kishor},
    year = {2019},
    month = {12},
    pages = {},
    title = {Polynomial Learning Rate Policy with Warm Restart for Deep Neural Network},
    doi = {10.1109/TENCON.2019.8929465}
}

@article{lin2017focal,
  title={Focal Loss for Dense Object Detection},
  author={Tsung-Yi Lin and Priya Goyal and Ross B. Girshick and Kaiming He and Piotr Doll{\'a}r},
  journal={2017 IEEE International Conference on Computer Vision (ICCV)},
  year={2017},
  pages={2999-3007}
}

@inproceedings{kingma2015adam,
    author    = {Diederik P. Kingma and
                Jimmy Ba},
    editor    = {Yoshua Bengio and
                Yann LeCun},
    title     = {Adam: {A} Method for Stochastic Optimization},
    booktitle = {3rd International Conference on Learning Representations, {ICLR} 2015,
           San Diego, CA, USA, May 7-9, 2015, Conference Track Proceedings},
    year      = {2015},
    url       = {http://arxiv.org/abs/1412.6980},
    timestamp = {Thu, 25 Jul 2019 14:25:37 +0200},
    biburl    = {https://dblp.org/rec/journals/corr/KingmaB14.bib},
    bibsource = {dblp computer science bibliography, https://dblp.org}
}

@inproceedings{schmidt2018,
  author    = {Uwe Schmidt and Martin Weigert and Coleman Broaddus and Gene Myers},
  title     = {Cell Detection with Star-Convex Polygons},
  booktitle = {Medical Image Computing and Computer Assisted Intervention - {MICCAI} 
  2018 - 21st International Conference, Granada, Spain, September 16-20, 2018, Proceedings, Part {II}},
  pages     = {265--273},
  year      = {2018},
  doi       = {10.1007/978-3-030-00934-2_30}
}

@incollection{pytorch,
    title = {PyTorch: An Imperative Style, High-Performance Deep Learning Library},
    author = {Paszke, Adam and Gross, Sam and Massa, Francisco and Lerer, Adam and Bradbury, James and Chanan, Gregory and Killeen, Trevor and Lin, Zeming and Gimelshein, Natalia and Antiga, Luca and Desmaison, Alban and Kopf, Andreas and Yang, Edward and DeVito, Zachary and Raison, Martin and Tejani, Alykhan and Chilamkurthy, Sasank and Steiner, Benoit and Fang, Lu and Bai, Junjie and Chintala, Soumith},
    booktitle = {Advances in Neural Information Processing Systems 32},
    pages = {8024--8035},
    year = {2019},
    publisher = {Curran Associates, Inc.},
    url = {http://papers.neurips.cc/paper/9015-pytorch-an-imperative-style-high-performance-deep-learning-library.pdf}
}

@article{opencv,
    author = {Bradski, G.},
    citeulike-article-id = {2236121},
    journal = {Dr. Dobb's Journal of Software Tools},
    keywords = {bibtex-import},
    posted-at = {2008-01-15 19:21:54},
    priority = {4},
    title = {{The OpenCV Library}},
    year = {2000}
}

@Misc{shapely,
    author = {Sean Gillies and others},
    organization = {toblerity.org},
    title = {Shapely: manipulation and analysis of geometric objects},
    year =  {2007--},
    url = "https://github.com/Toblerity/Shapely"
}

@article{scipy,
    author  = {Virtanen, Pauli and Gommers, Ralf and Oliphant, Travis E. and
            Haberland, Matt and Reddy, Tyler and Cournapeau, David and
            Burovski, Evgeni and Peterson, Pearu and Weckesser, Warren and
            Bright, Jonathan and {van der Walt}, St{\'e}fan J. and
            Brett, Matthew and Wilson, Joshua and Millman, K. Jarrod and
            Mayorov, Nikolay and Nelson, Andrew R. J. and Jones, Eric and
            Kern, Robert and Larson, Eric and Carey, C J and
            Polat, {\.I}lhan and Feng, Yu and Moore, Eric W. and
            {VanderPlas}, Jake and Laxalde, Denis and Perktold, Josef and
            Cimrman, Robert and Henriksen, Ian and Quintero, E. A. and
            Harris, Charles R. and Archibald, Anne M. and
            Ribeiro, Ant{\^o}nio H. and Pedregosa, Fabian and
            {van Mulbregt}, Paul and {SciPy 1.0 Contributors}},
    title   = {{{SciPy} 1.0: Fundamental Algorithms for Scientific
            Computing in Python}},
    journal = {Nature Methods},
    year    = {2020},
    volume  = {17},
    pages   = {261--272},
    adsurl  = {https://rdcu.be/b08Wh},
    doi     = {10.1038/s41592-019-0686-2}
}

@article{numpy,
    title         = {Array programming with {NumPy}},
    author        = {Charles R. Harris and K. Jarrod Millman and St{\'{e}}fan J.
                 van der Walt and Ralf Gommers and Pauli Virtanen and David
                 Cournapeau and Eric Wieser and Julian Taylor and Sebastian
                 Berg and Nathaniel J. Smith and Robert Kern and Matti Picus
                 and Stephan Hoyer and Marten H. van Kerkwijk and Matthew
                 Brett and Allan Haldane and Jaime Fern{\'{a}}ndez del
                 R{\'{i}}o and Mark Wiebe and Pearu Peterson and Pierre
                 G{\'{e}}rard-Marchant and Kevin Sheppard and Tyler Reddy and
                 Warren Weckesser and Hameer Abbasi and Christoph Gohlke and
                 Travis E. Oliphant},
    year          = {2020},
    month         = sep,
    journal       = {Nature},
    volume        = {585},
    number        = {7825},
    pages         = {357--362},
    doi           = {10.1038/s41586-020-2649-2},
    publisher     = {Springer Science and Business Media {LLC}},
    url           = {https://doi.org/10.1038/s41586-020-2649-2}
}

@article{gonczy2015centrosomes,
    author = {Gönczy, Pierre},
    year = {2015},
    month = {10},
    pages = {639-652},
    title = {Centrosomes and cancer: Revisiting a long-standing relationship},
    volume = {15},
    journal = {Nature Reviews Cancer},
    doi = {10.1038/nrc3995}
}

@article{marteil2018over,
    author = {Marteil, Gaelle and Guerrero, Adán and Vieira, Andre and de Almeida, Bernardo and Machado, Pedro and Mendonça, Susana and Mesquita, Marta and Villarreal, Beth and Fonseca, Irina and Francia, Maria and Dores, Katharina and Martins, Nuno and Jana, Swadhin and Tranfield, Erin and Barbosa-Morais, Nuno and Paredes, Joana and Pellman, David and Godinho, Susana and Bettencourt-Dias, Mónica},
    year = {2018},
    month = {03},
    pages = {1258},
    title = {Over-elongation of centrioles in cancer promotes centriole amplification and chromosome missegregation},
    volume = {9},
    journal = {Nature Communications},
    doi = {10.1038/s41467-018-03641-x}
}

@article{sankaran2020semi,
  title={A semi-automated machine learning-aided approach to quantitative analysis of centrosomes and microtubule organization},
  author={Divya Ganapathi Sankaran and Bharath Hariharan and Chad G. Pearson},
  journal={bioRxiv},
  year={2020}
}